%% report.bib - contains BiBtex input for bibliography

@online{geerlingdramble,
	author		="Jeff Geerling",
    title		="Raspberry Pi Dramble",
    url			="https://www.pidramble.com/",
    keywords	="raspberry pi,raspbian,ansible"
}

@online{wallenpostfix,
	author		="Jack Wallen",
    title		="Install and Configure a Postfix Mail Server",
    url			="https://www.linux.com/learn/install-and-configure-postfix-mail-server",
    keywords	="mail,postfix"
}

@online{hullsql,
	author		="Sean Hull",
    title		="MySQL face-off: MySQL or MariaDB?",
    url			="http://www.infoworld.com/article/2611812/mysql/mysql-face-off--mysql-or-mariadb-.html",
    keywords	="mail,postfix"
}
@online{morganarmxeon,
	author		="Timothy Prickett Morgan",
    title		="Intel Lines Up ThunderX ARM Against Xeons",
    url			="https://www.nextplatform.com/2016/05/31/intel-lines-thunderx-arms-xeons/",
    keywords	="arm,intel"
}
